@inproceedings{zeng-etal-2015-distant,
    title     = {Distant Supervision for Relation Extraction via Piecewise Convolutional Neural Networks},
    author    = {Zeng, Daojian  and
                 Liu, Kang  and
                 Chen, Yubo  and
                 Zhao, Jun},
    booktitle = {Proceedings of the 2015 Conference on Empirical Methods in Natural Language Processing},
    year      = {2015},
    publisher = {Association for Computational Linguistics},
    pages     = {1753--1762}
}

@inproceedings{8606824,
    author    = {Nguyen, Van-Nhat and Nguyen, Ha-Thanh and Vo, Dinh-Hieu and Nguyen, Le-Minh},
    booktitle = {2018 5th NAFOSTED Conference on Information and Computer Science (NICS)},
    title     = {Relation Extraction in Vietnamese Text via Piecewise Convolution Neural Network with Word-Level Attention},
    year      = {2018},
    pages     = {99-103}
}

@inproceedings{mintz-etal-2009-distant,
    title     = {Distant supervision for relation extraction without labeled data},
    author    = {Mintz, Mike  and
                 Bills, Steven  and
                 Snow, Rion  and
                 Jurafsky, Daniel},
    booktitle = {Proceedings of the Joint Conference of the 47th Annual Meeting of the {ACL} and the 4th International Joint Conference on Natural Language Processing of the {AFNLP}},
    year      = {2009},
    publisher = {Association for Computational Linguistics},
    pages     = {1003--1011}
}

@inproceedings{dilated,
    author    = {Peng, Min and Hu, Weilong and Tian, Gang and Wang, Bin and Wang, Hua and Wang, Gang},
    booktitle = {2019 International Joint Conference on Neural Networks (IJCNN)},
    title     = {Dilated Convolutional Networks Incorporating Soft Entity Type Constraints for Distant Supervised Relation Extraction},
    year      = {2019},
    pages     = {1-7}
}

@inproceedings{nguyen-Vietnamese,
    author    = {Nguyen, Van-Nhat and Nguyen, Ha-Thanh and Vo, Dinh-Hieu and Nguyen, Le-Minh},
    booktitle = {2018 5th NAFOSTED Conference on Information and Computer Science (NICS)},
    title     = {Relation Extraction in Vietnamese Text via Piecewise Convolution Neural Network with Word-Level Attention},
    year      = {2018},
    pages     = {99-103}
}

@inproceedings{RCPNN-haihong,
    author    = {Haihong, E. and Zhou, Xiaosong and Song, Meina},
    title     = {Distant Supervised Relation Extraction Based On Recurrent Convolutional Piecewise Neural Network},
    year      = {2019},
    publisher = {Association for Computing Machinery},
    booktitle = {Proceedings of the 2019 International Symposium on Signal Processing Systems},
    pages     = {169–175}
}

@inproceedings{agpcnn-xingya,
    author    = {Li, Xingya
                 and Chen, Yufeng
                 and Xu, Jinan
                 and Zhang, Yujie},
    title     = {Attention-Based Gated Convolutional Neural Networks for Distant Supervised Relation Extraction},
    booktitle = {Chinese Computational Linguistics},
    year      = {2019},
    publisher = {Springer International Publishing},
    pages     = {246--257}
}

@inproceedings{Rusnachenko-opinion,
    author    = {Rusnachenko, Nicolay
                 and Loukachevitch, Natalia},
    title     = {Neural Network Approach for Extracting Aggregated Opinions from Analytical Articles},
    booktitle = {Data Analytics and Management in Data Intensive Domains},
    year      = {2019},
    publisher = {Springer International Publishing},
    pages     = {167--179}
}

@inproceedings{diyah-adpcnn,
    author    = {Puspitaningrum, Diyah},
    booktitle = {2019 7th International Conference on Cyber and IT Service Management (CITSM)},
    title     = {Improving Performance of Relation Extraction Algorithm via Leveled Adversarial PCNN and Database Expansion},
    year      = {2019},
    pages     = {1-6}
}

@inproceedings{nam-etal-2018-distant,
    title     = {Distant Supervision for Relation Extraction with Multi-sense Word Embedding},
    author    = {Nam, Sangha  and
                 Han, Kijong  and
                 Kim, Eun-Kyung  and
                 Choi, Key-Sun},
    booktitle = {Proceedings of the 9th Global Wordnet Conference},
    year      = {2018},
    publisher = {Global Wordnet Association},
    pages     = {239--244}
}

@inproceedings{nyt-dataset,
    author    = {Riedel, Sebastian
                 and Yao, Limin
                 and McCallum, Andrew},
    title     = {Modeling Relations and Their Mentions without Labeled Text},
    booktitle = {Machine Learning and Knowledge Discovery in Databases},
    year      = {2010},
    publisher = {Springer Berlin Heidelberg},
    pages     = {148--163}
}

@inproceedings{hendrickx-etal-2010-semeval,
    title     = {{S}em{E}val-2010 Task 8: Multi-Way Classification of Semantic Relations between Pairs of Nominals},
    author    = {Hendrickx, Iris  and
                 Kim, Su Nam  and
                 Kozareva, Zornitsa  and
                 Nakov, Preslav  and
                 {\'O} S{\'e}aghdha, Diarmuid  and
                 Pad{\'o}, Sebastian  and
                 Pennacchiotti, Marco  and
                 Romano, Lorenza  and
                 Szpakowicz, Stan},
    booktitle = {Proceedings of the 5th International Workshop on Semantic Evaluation},
    year      = {2010},
    publisher = {Association for Computational Linguistics},
    pages     = {33--38}
}

@inproceedings{phandi-etal-2018-semeval,
    title     = {{S}em{E}val-2018 Task 8: Semantic Extraction from {C}ybersec{U}rity {RE}ports using Natural Language Processing ({S}ecure{NLP})},
    author    = {Phandi, Peter  and
                 Silva, Amila  and
                 Lu, Wei},
    booktitle = {Proceedings of The 12th International Workshop on Semantic Evaluation},
    year      = {2018},
    publisher = {Association for Computational Linguistics},
    pages     = {697--706},
}

@inproceedings{liu-etal-2016-effective,
    title = "Effective Crowd Annotation for Relation Extraction",
    author = "Liu, Angli  and
      Soderland, Stephen  and
      Bragg, Jonathan  and
      Lin, Christopher H.  and
      Ling, Xiao  and
      Weld, Daniel S.",
    booktitle = "Proceedings of the 2016 Conference of the North {A}merican Chapter of the Association for Computational Linguistics: Human Language Technologies",
    year = "2016",
    publisher = "Association for Computational Linguistics",
    pages = "897--906",
}

@article{Zhang2018SentimentCB,
    title   = {Sentiment Classification based on Piecewise Pooling Convolutional Neural Network},
    author  = {Yuhong Zhang},
    journal = {Cmc-computers Materials \& Continua},
    year    = {2018},
    volume  = {56},
    pages   = {285-297}
}

@article{sentiment-du,
    author  = {Changshun Du and Lei Huang},
    title   = {Sentiment Analysis Method based on Piecewise Convolutional Neural Network and Generative Adversarial Network},
    journal = {International Journal of Computers Communications \& Control},
    volume  = {14},
    number  = {1},
    year    = {2019},
    pages   = {7--20}
}

@article{focal-loss,
    author  = {Lin, Tsung-Yi and Goyal, Priya and Girshick, Ross and He, Kaiming and Dollár, Piotr},
    journal = {IEEE Transactions on Pattern Analysis and Machine Intelligence},
    title   = {Focal Loss for Dense Object Detection},
    year    = {2020},
    volume  = {42},
    number  = {2},
    pages   = {318-327}
}

@article{bert,
    author  = {Liu, Jianyi AND Duan, Xi AND Zhang, Ru AND Sun, Youqiang AND Guan, Lei AND Lin, Bingjie},
    journal = {PLOS ONE},
    title   = {Relation classification via BERT with piecewise convolution and focal loss},
    year    = {2021},
    volume  = {16},
    pages   = {1-23},
    number  = {9}
}

@article{Li2022,
    author  = {Li, Weijiang
               and Wang, Qing
               and Wu, Jiekun
               and Yu, Zhengtao},
    title   = {Piecewise convolutional neural networks with position attention and similar bag attention for distant supervision relation extraction},
    journal = {Applied Intelligence},
    year    = {2022},
    volume  = {52},
    number  = {4},
    pages   = {4599-4609}
}

@article{gated,
    title   = {A gated piecewise CNN with entity-aware enhancement for distantly supervised relation extraction},
    journal = {Information Processing \& Management},
    volume  = {57},
    number  = {6},
    pages   = {102373},
    year    = {2020},
    author  = {Haixu Wen and Xinhua Zhu and Lanfang Zhang and Fei Li}
}

@article{lstm-pcnn,
    author  = {Yan, Danfeng and Hu, Bo},
    journal = {IEEE Access},
    title   = {Shared Representation Generator for Relation Extraction With Piecewise-LSTM Convolutional Neural Networks},
    year    = {2019},
    volume  = {7},
    number  = {},
    pages   = {31672-31680}
}